<?xml version="1.0" encoding="UTF-8"?><collection xmlns="http://www.loc.gov/MARC21/slim"><record><leader>00537nam--2200181-i-4500</leader><controlfield tag="001">000045603</controlfield><controlfield tag="002">20161230</controlfield><controlfield tag="005">20161230201045</controlfield><controlfield tag="008">060222s1000------------r-----000-0-eng-d</controlfield><datafield ind1=" " ind2=" " tag="040"><subfield code="a">IFIN-HH</subfield></datafield><datafield ind1=" " ind2=" " tag="080"><subfield code="a">535.338.4</subfield></datafield><datafield ind1="1" ind2=" " tag="100"><subfield code="a">Turner, D.W./S.A.</subfield></datafield><datafield ind1="1" ind2="0" tag="245"><subfield code="a">Molecular photoelectron spectroscopy</subfield><subfield code="b">A handbook of he 584 a spectra</subfield><subfield code="c">D.w. turner; c. baker; a.d. baker; c.r. brundle</subfield></datafield><datafield ind1=" " ind2=" " tag="260"><subfield code="a">London</subfield><subfield code="b">Wiley-interscience</subfield><subfield code="c">1970</subfield></datafield><datafield ind1=" " ind2=" " tag="300"><subfield code="a">X+386P</subfield></datafield><datafield ind1="1" ind2=" " tag="700"><subfield code="a">Brundle, C. R</subfield></datafield><datafield ind1=" " ind2=" " tag="852"><subfield code="a">34455</subfield><subfield code="c">535.33</subfield></datafield><datafield ind1=" " ind2=" " tag="CAT"><subfield code="a">Sys</subfield><subfield code="c">20101206</subfield><subfield code="h">094339</subfield></datafield></record></collection>